@inproceedings{cousot1977abstract,
  title={Abstract interpretation: a unified lattice model for static analysis of programs by construction or approximation of fixpoints},
  author={Cousot, Patrick and Cousot, Radhia},
  booktitle={Proceedings of the 4th ACM SIGACT-SIGPLAN symposium on Principles of programming languages},
  pages={238--252},
  year={1977},
  organization={ACM}
}

@inproceedings{garg2014ice,
  title={Ice: A robust framework for learning invariants},
  author={Garg, Pranav and L{\"o}ding, Christof and Madhusudan, P and Neider, Daniel},
  booktitle={Computer Aided Verification},
  pages={69--87},
  year={2014},
  organization={Springer}
}

@inproceedings{sharma2014invariant,
  title={From invariant checking to invariant inference using randomized search},
  author={Sharma, Rahul and Aiken, Alex},
  booktitle={Computer Aided Verification},
  pages={88--105},
  year={2014},
  organization={Springer}
}

@article{garg2015learning,
  title={Learning Invariants using Decision Trees and Implication Counterexamples},
  author={Garg, Pranav and Neider, Daniel and Madhusudan, P and Roth, Dan},
  year={2015}
}

@article{krishna2015learning,
  title={Learning Invariants using Decision Trees},
  author={Krishna, Siddharth and Puhrsch, Christian and Wies, Thomas},
  journal={arXiv preprint arXiv:1501.04725},
  year={2015}
}


@inproceedings{sharma2012interpolants,
  title={Interpolants as classifiers},
  author={Sharma, Rahul and Nori, Aditya V and Aiken, Alex},
  booktitle={Computer Aided Verification},
  pages={71--87},
  year={2012},
  organization={Springer}
}

@inproceedings{albarghouthi2013beautiful,
  title={Beautiful interpolants},
  author={Albarghouthi, Aws and McMillan, Kenneth L},
  booktitle={Computer Aided Verification},
  pages={313--329},
  year={2013},
  organization={Springer}
}

@inproceedings{clarke2000counterexample,
  title={Counterexample-guided abstraction refinement},
  author={Clarke, Edmund and Grumberg, Orna and Jha, Somesh and Lu, Yuan and Veith, Helmut},
  booktitle={Computer aided verification},
  pages={154--169},
  year={2000},
  organization={Springer}
}

@article{furia2014loop,
  title={Loop invariants: Analysis, classification, and examples},
  author={Furia, Carlo A and Meyer, Bertrand and Velder, Sergey},
  journal={ACM Computing Surveys (CSUR)},
  volume={46},
  number={3},
  pages={34},
  year={2014},
  publisher={ACM}
}

@article{littlestone1988learning,
  title={Learning quickly when irrelevant attributes abound: A new linear-threshold algorithm},
  author={Littlestone, Nick},
  journal={Machine learning},
  volume={2},
  number={4},
  pages={285--318},
  year={1988},
  publisher={Springer}
}

@article{angluin1987learning,
  title={Learning regular sets from queries and counterexamples},
  author={Angluin, Dana},
  journal={Information and computation},
  volume={75},
  number={2},
  pages={87--106},
  year={1987},
  publisher={Elsevier}
}

@inproceedings{cadar2008klee,
  title={KLEE: Unassisted and Automatic Generation of High-Coverage Tests for Complex Systems Programs.},
  author={Cadar, Cristian and Dunbar, Daniel and Engler, Dawson R},
  booktitle={OSDI},
  volume={8},
  pages={209--224},
  year={2008}
}


@book{michalski2013machine,
  title={Machine learning: An artificial intelligence approach},
  author={Michalski, Ryszard S and Carbonell, Jaime G and Mitchell, Tom M},
  year={2013},
  publisher={Springer Science \& Business Media}
}

@book{witten2005data,
  title={Data Mining: Practical machine learning tools and techniques},
  author={Witten, Ian H and Frank, Eibe},
  year={2005},
  publisher={Morgan Kaufmann}
}

@article{mine2006octagon,
  title={The octagon abstract domain},
  author={Min{\'e}, Antoine},
  journal={Higher-Order and Symbolic Computation},
  volume={19},
  number={1},
  pages={31--100},
  year={2006},
  publisher={Springer}
}

@inproceedings{cousot1978automatic,
  title={Automatic discovery of linear restraints among variables of a program},
  author={Cousot, Patrick and Halbwachs, Nicolas},
  booktitle={Proceedings of the 5th ACM SIGACT-SIGPLAN symposium on Principles of programming languages},
  pages={84--96},
  year={1978},
  organization={ACM}
}


@inproceedings{daikon2014manual,
  title={Daikon Invariant Detector User Manual},
  author={UW Program Languages and Software Engineering Group},
  year={2014}
}

@article{wegbreit1974synthesis,
  title={The synthesis of loop predicates},
  author={Wegbreit, Ben},
  journal={Communications of the ACM},
  volume={17},
  number={2},
  pages={102--113},
  year={1974},
  publisher={ACM}
}

@article{wegbreit1975property,
  title={Property extraction in well-founded property sets},
  author={Wegbreit, Ben},
  journal={Software Engineering, IEEE Transactions on},
  number={3},
  pages={270--285},
  year={1975},
  publisher={IEEE}
}

@article{german1975synthesizer,
  title={A synthesizer of inductive assertions},
  author={German, Steven M and Wegbreit, Ben},
  journal={Software Engineering, IEEE Transactions on},
  number={1},
  pages={68--75},
  year={1975},
  publisher={IEEE}
}

@article{katz1976logical,
  title={Logical analysis of programs},
  author={Katz, Shmuel and Manna, Zohar},
  journal={Communications of the ACM},
  volume={19},
  number={4},
  pages={188--206},
  year={1976},
  publisher={ACM}
}

@inproceedings{cousot1976static,
  title={Static determination of dynamic properties of programs},
  author={Cousot, Patrick and Cousot, Radhia},
  booktitle={Proceedings of the second International Symposium on Programming},
  pages={106--130},
  year={1976},
  organization={Paris}
}

@inproceedings{suzuki1977implementation,
  title={Implementation of an array bound checker},
  author={Suzuki, Norihisa and Ishihata, Kiyoshi},
  booktitle={Proceedings of the 4th ACM SIGACT-SIGPLAN symposium on Principles of programming languages},
  pages={132--143},
  year={1977},
  organization={ACM}
}

@article{dershowitz1981inference,
  title={Inference rules for program annotation},
  author={Dershowitz, Nachum and Manna, Zohar},
  journal={Software Engineering, IEEE Transactions on},
  number={2},
  pages={207--222},
  year={1981},
  publisher={IEEE}
}

@inproceedings{gulwani2005precise,
  title={Precise interprocedural analysis using random interpretation},
  author={Gulwani, Sumit and Necula, George C},
  booktitle={ACM SIGPLAN Notices},
  volume={40},
  number={1},
  pages={324--337},
  year={2005},
  organization={ACM}
}

@article{karr1976affine,
  title={Affine relationships among variables of a program},
  author={Karr, Michael},
  journal={Acta Informatica},
  volume={6},
  number={2},
  pages={133--151},
  year={1976},
  publisher={Springer}
}

@inproceedings{kapur2004automatically,
  title={Automatically Generating Loop Invariants Using Quantifier Elimination--Preliminary Report--},
  author={Kapur, Deepak},
  booktitle={IMACS Intl. Conf. on Applications of Computer Algebra},
  year={2004},
  organization={Citeseer}
}

@article{sankaranarayanan2004non,
  title={Non-linear loop invariant generation using Gr{\"o}bner bases},
  author={Sankaranarayanan, Sriram and Sipma, Henny B and Manna, Zohar},
  journal={ACM SIGPLAN Notices},
  volume={39},
  number={1},
  pages={318--329},
  year={2004},
  publisher={ACM}
}


@article{ernst2007daikon,
  title={The Daikon system for dynamic detection of likely invariants},
  author={Ernst, Michael D and Perkins, Jeff H and Guo, Philip J and McCamant, Stephen and Pacheco, Carlos and Tschantz, Matthew S and Xiao, Chen},
  journal={Science of Computer Programming},
  volume={69},
  number={1},
  pages={35--45},
  year={2007},
  publisher={Elsevier}
}
